<?xml version="1.0" encoding="utf-8"?>
<record xmlns="http://www.loc.gov/MARC21/slim" xmlns:xsi="http://www.w3.org/2001/XMLSchema-instance" xsi:schemaLocation="http://www.loc.gov/MARC21/slim http://www.loc.gov/standards/marcxml/schema/MARC21slim.xsd">
	<leader>
		02552nam a2200421   4500
	</leader>
	<controlfield tag="001">
		1918784
	</controlfield>
	<controlfield tag="003">
		NIC
	</controlfield>
	<controlfield tag="006">
		m        d        
	</controlfield>
	<controlfield tag="007">
		cr cn |||m|||a
	</controlfield>
	<controlfield tag="008">
		160129m19561957iq h    ob    000 0 ara  
	</controlfield>
	<datafield ind1=" " ind2=" " tag="040">
		<subfield code="a">
			NNU
		</subfield>
		<subfield code="b">
			eng
		</subfield>
		<subfield code="e">
			rda
		</subfield>
		<subfield code="c">
			NNU
		</subfield>
	</datafield>
	<datafield ind1=" " ind2="4" tag="050">
		<subfield code="a">
			BP193.25
		</subfield>
		<subfield code="b">
			.T86 1956
		</subfield>
	</datafield>
	<datafield ind1="1" ind2=" " tag="100">
		<subfield code="a">
			Ṭūsī, Muḥammad ibn al-Ḥasan,
		</subfield>
		<subfield code="d">
			955-1067?
		</subfield>
	</datafield>
	<datafield ind1="1" ind2="3" tag="245">
		<subfield code="6">
			880-01
		</subfield>
		<subfield code="a">
			al-Istibṣār fi-mā ikhtalafa min al-akhbār /
		</subfield>
		<subfield code="c">
			taʼlīf Abī Jaʻfar Muḥammad ibn al-Ḥasan al-Ṭūsī ; ashrafa ʻalá taḥqīqihi wa-al-taʻlīq ʻalayhi al-sayyid Ḥasan al-Musawī al-Kharsān.
		</subfield>
	</datafield>
	<datafield ind1=" " ind2=" " tag="250">
		<subfield code="6">
			880-02
		</subfield>
		<subfield code="a">
			al-Ṭabʻah 2.
		</subfield>
	</datafield>
	<datafield ind1=" " ind2=" " tag="260">
		<subfield code="6">
			880-03
		</subfield>
		<subfield code="a">
			Najaf :
		</subfield>
		<subfield code="b">
			Dār al-Kutub al-Islāmīyah,
		</subfield>
		<subfield code="c">
			1956-[1957]
		</subfield>
	</datafield>
	<datafield ind1=" " ind2=" " tag="300">
		<subfield code="a">
			online resource (3 volumes) :
		</subfield>
		<subfield code="b">
			facsimiles
		</subfield>
	</datafield>
	<datafield ind1=" " ind2=" " tag="336">
		<subfield code="a">
			text
		</subfield>
		<subfield code="2">
			rdacontent
		</subfield>
	</datafield>
	<datafield ind1=" " ind2=" " tag="337">
		<subfield code="a">
			computer
		</subfield>
		<subfield code="2">
			rdamedia
		</subfield>
	</datafield>
	<datafield ind1=" " ind2=" " tag="338">
		<subfield code="a">
			online resource
		</subfield>
		<subfield code="2">
			rdacarrier
		</subfield>
	</datafield>
	<datafield ind1=" " ind2=" " tag="500">
		<subfield code="a">
			Part of the Arabic Collections Online (ACO) project, contributed by Cornell University Libraries.
		</subfield>
	</datafield>
	<datafield ind1=" " ind2=" " tag="504">
		<subfield code="a">
			Includes bibliographical references.
		</subfield>
	</datafield>
	<datafield ind1=" " ind2=" " tag="533">
		<subfield code="a">
			Electronic reproduction.
		</subfield>
		<subfield code="b">
			New York, N.Y. :
		</subfield>
		<subfield code="c">
			New York University,
		</subfield>
		<subfield code="d">
			2016.
		</subfield>
		<subfield code="5">
			NNU
		</subfield>
	</datafield>
	<datafield ind1=" " ind2="0" tag="650">
		<subfield code="a">
			Hadith (Shiites)
		</subfield>
	</datafield>
	<datafield ind1=" " ind2="7" tag="650">
		<subfield code="a">
			Hadith (Shiites)
		</subfield>
		<subfield code="2">
			fast
		</subfield>
		<subfield code="0">
			(OCoLC)fst00950138
		</subfield>
	</datafield>
	<datafield ind1="1" ind2=" " tag="700">
		<subfield code="6">
			880-04
		</subfield>
		<subfield code="a">
			Kharsān, Ḥasan al-Mūsawī.
		</subfield>
	</datafield>
	<datafield ind1="2" ind2=" " tag="710">
		<subfield code="a">
			Cornell University.
		</subfield>
		<subfield code="b">
			Libraries.
		</subfield>
	</datafield>
	<datafield ind1="0" ind2=" " tag="730">
		<subfield code="a">
			Arabic Collections Online.
		</subfield>
	</datafield>
	<datafield ind1="0" ind2="8" tag="776">
		<subfield code="i">
			Online version:
		</subfield>
		<subfield code="a">
			Ṭūsī, Muḥammad ibn al-Ḥasan, 955-1067?
		</subfield>
		<subfield code="t">
			Istibṣār fi-mā ikhtalafa min al-akhbār.
		</subfield>
		<subfield code="b">
			al-Ṭabʻah 2.
		</subfield>
		<subfield code="d">
			Najaf : Dār al-Kutub al-Islāmīyah, 1956-[1957]
		</subfield>
		<subfield code="w">
			(OCoLC)551343374
		</subfield>
	</datafield>
	<datafield ind1="0" ind2="8" tag="776">
		<subfield code="i">
			Print version:
		</subfield>
		<subfield code="a">
			Ṭūsī, Muḥammad ibn al-Ḥasan, 955-1067?
		</subfield>
		<subfield code="t">
			al-Istibṣār fi-mā ikhtalafa min al-akhbār
		</subfield>
		<subfield code="w">
			(NIC)1918784
		</subfield>
		<subfield code="w">
			(DLC)   74236249 
		</subfield>
		<subfield code="w">
			(OCoLC)21127087
		</subfield>
	</datafield>
	<datafield ind1="4" ind2="0" tag="856">
		<subfield code="u">
			http://hdl.handle.net/2333.1/m37pvqnj
		</subfield>
	</datafield>
	<datafield ind1="1" ind2=" " tag="880">
		<subfield code="6">
			100-00/r
		</subfield>
		<subfield code="a">
			طوسي، محمد بن الحسن.
		</subfield>
	</datafield>
	<datafield ind1="1" ind2="2" tag="880">
		<subfield code="6">
			245-01/r
		</subfield>
		<subfield code="a">
			الاستبصار فيما اختلف من الأخبار /
		</subfield>
		<subfield code="c">
			تأليف أبي جعفر محمد بن الحسن الطوسي ؛ أشرف على تحقيقه والتعليق عليه السيد حسن الموسوي الخرساني.
		</subfield>
	</datafield>
	<datafield ind1=" " ind2=" " tag="880">
		<subfield code="6">
			250-02/r
		</subfield>
		<subfield code="a">
			الطبعة ٢.
		</subfield>
	</datafield>
	<datafield ind1=" " ind2=" " tag="880">
		<subfield code="6">
			260-03/r
		</subfield>
		<subfield code="a">
			نجف :
		</subfield>
		<subfield code="b">
			دار الكتب الإسلامية،
		</subfield>
		<subfield code="c">
			١٩٥٦-[١٩٥٧]
		</subfield>
	</datafield>
	<datafield ind1="1" ind2=" " tag="880">
		<subfield code="6">
			700-04/r
		</subfield>
		<subfield code="a">
			خرسان، حسن الموسوي.
		</subfield>
	</datafield>
	<datafield ind1=" " ind2=" " tag="959">
		<subfield code="a">
			NNU
		</subfield>
		<subfield code="b">
			WEB
		</subfield>
		<subfield code="c">
			GENI
		</subfield>
		<subfield code="t">
			0
		</subfield>
		<subfield code="m">
			Electronic access
		</subfield>
		<subfield code="s">
			01
		</subfield>
	</datafield>
	<datafield ind1=" " ind2=" " tag="999">
		<subfield code="i">
			NIC_1918784
		</subfield>
		<subfield code="o">
			(OCoLC)ocm21127087 
		</subfield>
		<subfield code="s">
			cornell_aco000446:juz1
		</subfield>
		<subfield code="s">
			cornell_aco000445:juz2
		</subfield>
		<subfield code="s">
			cornell_aco000458:juz3:qism1
		</subfield>
		<subfield code="s">
			cornell_aco000457:juz3:qism2
		</subfield>
		<subfield code="e">
			(ERROR-880)
		</subfield>
	</datafield>
</record>
